<?xml version="1.0" encoding="UTF-8"?><collection xmlns="http://www.loc.gov/MARC21/slim"><record><leader>00463nam--2200157-i-4500</leader><controlfield tag="001">000036730</controlfield><controlfield tag="002">20161230</controlfield><controlfield tag="005">20170122111448</controlfield><controlfield tag="008">060222s1000------------r-----000-0-eng-d</controlfield><datafield ind1=" " ind2=" " tag="100"><subfield code="a">Pluchery, M. M</subfield></datafield><datafield ind1=" " ind2=" " tag="245"><subfield code="a">Analyse quantitative aux rayons x de poudres d`uranium et de carbure d`uranium oxydes superficiellement</subfield></datafield><datafield ind1=" " ind2=" " tag="260"><subfield code="a">Innsbruck</subfield><subfield code="b">Wagner</subfield><subfield code="c">1969</subfield></datafield><datafield ind1=" " ind2=" " tag="300"><subfield code="a">4 p. Fotocopii</subfield></datafield><datafield ind1=" " ind2=" " tag="490"><subfield code="a">Planseeberichte</subfield></datafield><datafield ind1=" " ind2=" " tag="852"><subfield code="a">15842</subfield></datafield><datafield ind1=" " ind2=" " tag="CAT"><subfield code="a">SYS</subfield><subfield code="c">20170122</subfield><subfield code="h">111448</subfield></datafield></record></collection>